@incollection{Holevo_2011,
  doi = {10.1007/978-88-7642-378-9_2},
  url = {http://dx.doi.org/10.1007/978-88-7642-378-9_2},
  year = {2011},
  publisher = {Springer Science $\mathplus$ Business Media},
  pages = {37--83},
  author = {Alexander Holevo},
  title = {{Mathematics of quantum theory}},
  booktitle = {Probabilistic and Statistical Aspects of Quantum Theory},
}


@article{Holevo_1977,
  doi = {10.1016/0034-4877(77)90009-x},
  url = {http://dx.doi.org/10.1016/0034-4877(77)90009-x},
  year = {1977},
  month = {oct},
  publisher = {Elsevier {BV}},
  volume = {12},
  number = {2},
  pages = {251--271},
  author = {A.S. Holevo},
  title = {{Commutation superoperator of a state and its applications to the noncommutative statistics}},
  journal = {Reports on Mathematical Physics},
}


@article{Longo_1978,
  doi = {10.2140/pjm.1978.75.199},
  url = {http://dx.doi.org/10.2140/pjm.1978.75.199},
  year = {1978},
  month = {mar},
  publisher = {Mathematical Sciences Publishers},
  volume = {75},
  number = {1},
  pages = {199--205},
  author = {Roberto Longo},
  title = {{A simple proof of the existence of modular automorphisms in approximately finite-dimensional von Neumann algebras}},
  journal = {Pacific Journal of Mathematics},
}
